@incollection{Argote2013a,
address = {Boston, MA},
author = {Argote, Linda},
booktitle = {Organizational Learning},
chapter = {1},
doi = {10.1007/978-1-4614-5251-5_1},
edition = {2nd},
mendeley-groups = {Papers/Corporate Pace/Learning},
pages = {1--29},
publisher = {Springer US},
title = {{Organizational Learning Curves: An Overview}},
url = {http://link.springer.com/10.1007/978-1-4614-5251-5_1},
year = {2013}
}

@incollection{Argote2013b,
	address = {Boston, MA},
	author = {Argote, Linda},
	booktitle = {Organizational Learning},
	doi = {10.1007/978-1-4614-5251-5_2},
	pages = {31--56},
	publisher = {Springer US},
	title = {{Organization Learning: A Theoretical Framework}},
	url = {http://link.springer.com/10.1007/978-1-4614-5251-5_2},
	year = {2013}
}

@incollection{Cyert1963b,
	address = {Englewood Cliffs, NJ},
	author = {Cyert, Ricard M. and March, James G.},
	booktitle = {A Behavioural Theory of the Firm},
	mendeley-groups = {Course/Fall 2017/Organizational Theory/{\#}03 - Carnegie School/Behavioral Theory},
	pages = {4--23},
	title = {{Antecedents of the Behavioral Theory of the Firm}},
	year = {1963}
}
