@article{Levinthal1993,
author = {Levinthal, Daniel A and March, James G.},
doi = {10.1002/smj.4250141009},
file = {:home/julian/Documents/Mendeley Desktop/Levinthal, March/Levinthal, March - 1993 - The Myopia of Learning.pdf:pdf},
issn = {01432095},
journal = {Strategic Management Journal},
mendeley-groups = {Papers/Corporate Pace},
number = {S2},
pages = {95--112},
title = {{The Myopia of Learning}},
url = {http://doi.wiley.com/10.1002/smj.4250141009},
volume = {14},
year = {1993}
}

@incollection{Argote2013a,
	address = {Boston, MA},
	author = {Argote, Linda},
	booktitle = {Organizational Learning},
	chapter = {1},
	doi = {10.1007/978-1-4614-5251-5_1},
	edition = {2nd},
	mendeley-groups = {Papers/Corporate Pace/Learning},
	pages = {1--29},
	publisher = {Springer US},
	title = {{Organizational Learning Curves: An Overview}},
	url = {http://link.springer.com/10.1007/978-1-4614-5251-5{\_}1},
	year = {2013}
}

@incollection{Argote2013b,
	address = {Boston, MA},
	author = {Argote, Linda},
	booktitle = {Organizational Learning},
	doi = {10.1007/978-1-4614-5251-5_2},
	pages = {31--56},
	publisher = {Springer US},
	title = {{Organization Learning: A Theoretical Framework}},
	url = {http://link.springer.com/10.1007/978-1-4614-5251-5\_2},
	year = {2013}
}