@book{Argote2013,
address = {Boston, MA},
author = {Argote, Linda},
doi = {10.1007/978-1-4614-5251-5},
edition = {2nd},
file = {:home/julian/Documents/Mendeley Desktop/Argote/Argote - 2013 - Organizational Learning. Creating, Retaining and Transferring Knowledge.pdf:pdf},
isbn = {978-1-4614-5250-8},
pages = {215},
publisher = {Springer US},
title = {{Organizational Learning. Creating, Retaining and Transferring Knowledge}},
url = {http://link.springer.com/10.1007/978-1-4614-5251-5},
year = {2013}
}

@article{Baum2007,
	author = {Baum, Joel A. C. and Dahlin, Kristina B.},
	doi = {10.1287/orsc.1060.0239},
	file = {:home/julian/Documents/Mendeley Desktop/Baum, Dahlin/Baum, Dahlin - 2007 - Aspiration Performance and Railroads' Patterns of Learning from Train Wrecks and Crashes.pdf:pdf},
	issn = {1047-7039},
	journal = {Organization Science},
	keywords = {Accident reduction,Aspiration performance,Organizational learning},
	mendeley-groups = {Papers/Corporate Pace/Learning/Mistakes/crashes/disasters,Papers/Corporate Pace/Learning,Papers/Corporate Pace/Learning/Vicarious learning,Theories/Small T theories/Learning},
	number = {3},
	pages = {368--385},
	title = {{Aspiration Performance and Railroads' Patterns of Learning from Train Wrecks and Crashes}},
	url = {http://pubsonline.informs.org/doi/abs/10.1287/orsc.1060.0239},
	volume = {18},
	year = {2007}
}

@book{Cyert1992,
	address = {Malden, MA},
	author = {Cyert, Richard M. and March, James G.},
	edition = {2nd},
	file = {:home/julian/Documents/Mendeley Desktop/Cyert, March/Cyert, March - 1992 - A Behavioral Theory of the Firm.pdf:pdf},
	issn = {15472701},
	pages = {252},
	publisher = {Blackwell},
	title = {{A Behavioral Theory of the Firm}},
	year = {1992}
}

@incollection{Cyert1992-2,
	address = {Malden, MA},
	author = {Cyert, Richard M. and March, James G.},
	booktitle = {A Behavioral Theory of the Firm},
	chapter = {3},
	edition = {2nd},
	pages = {30--51},
	publisher = {Blackwell},
	title = {{Organizational Goals}},
	year = {1992}
}

@article{Greve1998,
	author = {Greve, Henrich R},
	doi = {10.2307/2393591},
	file = {:home/julian/Documents/Mendeley Desktop/Greve/Greve - 1998 - Performance aspirations, and risky change organizational change.pdf:pdf},
	isbn = {0001-8392},
	issn = {00018392},
	journal = {Administrative Science Quarterly},
	number = {1},
	pages = {58--86},
	pmid = {751334},
	title = {{Performance aspirations, and risky change organizational change}},
	volume = {43},
	year = {1998}
}


@article{Levitt1988,

	address = {Cham},
	author = {Levitt, Barbara and March, James G.},
	doi = {10.1146/annurev.so.14.080188.001535},
	file = {:home/julian/Documents/Mendeley Desktop/Levitt, March/Levitt, March - 1988 - Organizational Learning.pdf:pdf},
	issn = {0360-0572},
	journal = {Annual Review of Sociology},
	number = {1},
	pages = {319--338},
	publisher = {Springer International Publishing},
	title = {{Organizational Learning}},
	url = {http://www.annualreviews.org/doi/10.1146/annurev.so.14.080188.001535},
	volume = {14},
	year = {1988}
}

@article{Madsen2010,
	annote = {Madsen, P. M., {\&} Desai, V. (2010). Failing to Learn? The Effects of Failure and Success on Organizational Learning in the Global Orbital Launch Vehicle Industry. Academy of Management Journal, 53(3), 451â€“476. https://doi.org/10.5465/amj.2010.51467631},
	author = {Madsen, Peter M. and Desai, Vinit},
	doi = {10.5465/amj.2010.51467631},
	file = {:home/julian/Documents/Mendeley Desktop/Madsen, Desai/Madsen, Desai - 2010 - Failing to Learn The Effects of Failure and Success on Organizational Learning in the Global Orbital Launch Vehic.pdf:pdf},
	isbn = {0001-4273},
	issn = {0001-4273},
	journal = {Academy of Management Journal},
	number = {3},
	pages = {451--476},
	pmid = {51467631},
	title = {{Failing to Learn? The Effects of Failure and Success on Organizational Learning in the Global Orbital Launch Vehicle Industry}},
	url = {http://amj.aom.org/cgi/doi/10.5465/AMJ.2010.51467631},
	volume = {53},
	year = {2010}
}
